% This file was created with JabRef 2.8.1.
% Encoding: Cp1252


@book{warren2015big,
  title={Big Data: Principles and best practices of scalable realtime data systems},
  author={Warren, James and Marz, Nathan},
  year={2015},
  publisher={Simon and Schuster}
}

@article{kumar2020lambda,
  title={Lambda architecture--realtime data processing},
  author={Kumar, Yuvraj},
  journal={Available at SSRN 3513624},
  year={2020}
}

@inproceedings{kiran2015lambda,
  title={Lambda architecture for cost-effective batch and speed big data processing},
  author={Kiran, Mariam and Murphy, Peter and Monga, Inder and Dugan, Jon and Baveja, Sartaj Singh},
  booktitle={2015 IEEE international conference on big data (big data)},
  pages={2785--2792},
  year={2015},
  organization={IEEE}
}

@article{gilbert2012perspectives,
  title={Perspectives on the CAP Theorem},
  author={Gilbert, Seth and Lynch, Nancy},
  journal={Computer},
  volume={45},
  number={2},
  pages={30--36},
  year={2012},
  publisher={IEEE}
}

@article{katkar2015study,
  title={STUDY OF BIG DATA ARHITECTURE LAMBDA ARHITECTURE},
  author={Katkar, Jaideep},
  year={2015}
}

@book{ganelin2016spark,
  title={Spark: Big data cluster computing in production},
  author={Ganelin, Ilya and Orhian, Ema and Sasaki, Kai and York, Brennon},
  year={2016},
  publisher={John Wiley \& Sons}
}

@inproceedings{kreps2011kafka,
  title={Kafka: A distributed messaging system for log processing},
  author={Kreps, Jay and Narkhede, Neha and Rao, Jun and others},
  booktitle={Proceedings of the NetDB},
  volume={11},
  number={2011},
  pages={1--7},
  year={2011},
  organization={Athens, Greece}
}